%% This BibTeX bibliography file was created using BibDesk.
%% http://bibdesk.sourceforge.net/

%% Created for Francesco Argentieri at 2017-03-26 11:34:50 +0200 


%% Saved with string encoding Unicode (UTF-8) 



@article{1512356,
	Author = {G. Antonelli and S. Chiaverini and G. Fusco},
	Doi = {10.1109/TRO.2005.851382},
	Issn = {1552-3098},
	Journal = {IEEE Transactions on Robotics},
	Keywords = {calibration;distance measurement;identification;least squares approximations;mobile robots;robot kinematics;differential drive robots;identification;kinematic parameters;least squares technique;mobile robots;odometry calibration;Calibration;Equations;Guidelines;Kinematics;Linearity;Mobile robots;Motion measurement;Position measurement;Testing;Wheels;Calibration;identification;mobile robot kinematics;mobile robots;parameter estimation},
	Month = {Oct},
	Number = {5},
	Pages = {994-1004},
	Title = {A calibration method for odometry of mobile robots based on the least-squares technique: theory and experimental validation},
	Volume = {21},
	Year = {2005},
	Bdsk-Url-1 = {http://dx.doi.org/10.1109/TRO.2005.851382}}
